@misc{3_bellard,
    author = "{Wikipedia contributors}",
    title = "Bellard's formula --- {W}ikipedia{,} The Free Encyclopedia",
    year = "2018",
    url = "https://en.wikipedia.org/w/index.php?title=Bellard%27s_formula&oldid=833266880",
    note = "[Online; dostopano 2-April-2018]"
}

@misc{3_leibniz,
    author = "{Wikipedia contributors}",
    title = "Leibniz formula for pi --- {W}ikipedia{,} The Free Encyclopedia",
    year = "2018",
    url = "https://en.wikipedia.org/w/index.php?title=Leibniz_formula_for_%CF%80&oldid=833162166",
    note = "[Online; dostopano 2-April-2018]"
}

@inproceedings{3_ostermann2009performance,
    title={A performance analysis of EC2 cloud computing services for scientific computing},
    author={Ostermann, Simon and Iosup, Alexandria and Yigitbasi, Nezih and Prodan, Radu and Fahringer, Thomas and Epema, Dick},
    booktitle={International Conference on Cloud Computing},
    pages={115--131},
    year={2009},
    organization={Springer}
}

@misc{3_10odstotkov,
    title = {Amazon Elastic Compute Cloud},
    howpublished = {https://docs.aws.amazon.com/AWSEC2/latest/UserGuide/t2-credits-baseline-concepts.html},
    note = "[Online; dostopano 30-Maj-2018]"
}

@misc{3_aws,
    title = {Amazon Web Services},
    howpublished = {https://aws.amazon.com/},
    note = "[Online; dostopano 2-April-2018]"
}

@misc{3_azure,
    title = {Microsoft Azure},
    howpublished = {https://azure.microsoft.com/en-gb/},
    note = "[Online; dostopano 2-April-2018]"
}

@misc{3_c9io,
    title = {AWS Cloud9},
    howpublished = {https://aws.amazon.com/cloud9/?origin=c9io},
    note = "[Online; dostopano 2-April-2018]"
}

@book{3_moskon_mraz_2012,
    title = {Modeliranje računalniških omrežij},
    ISBN = {978-961-6209-80-9},
    url = {https://ucilnica.fri.uni-lj.si/course/view.php?id=209},
    publisher = {Založba FE in FRI},
    author = {Moškon, Miha and Mraz, Miha},
    year = {2012}
}
